<record xmlns='http://www.loc.gov/MARC21/slim'><leader>00941cim a22002532u 4500</leader><controlfield tag='001'>3604195</controlfield><controlfield tag='005'>20151214183357.0</controlfield><controlfield tag='007'>ss|lmnjluz|nuu</controlfield><controlfield tag='008'>991101s1992    nyunnn         l    eng d</controlfield><datafield ind1=' ' ind2=' ' tag='035'><subfield code='a'>(NIC)notisASG1260</subfield></datafield><datafield ind1=' ' ind2=' ' tag='035'><subfield code='a'>3604195</subfield></datafield><datafield ind1=' ' ind2=' ' tag='035'><subfield code='a'>(OCoLC)63902339</subfield></datafield><datafield ind1=' ' ind2=' ' tag='040'><subfield code='a'>NIC</subfield><subfield code='c'>NIC</subfield><subfield code='d'>NIC</subfield></datafield><datafield ind1='1' ind2=' ' tag='100'><subfield code='a'>Appiah, Anthony.</subfield></datafield><datafield ind1='1' ind2='0' tag='245'><subfield code='a'>My father&apos;s house</subfield><subfield code='h'>[sound recording]</subfield></datafield><datafield ind1=' ' ind2=' ' tag='260'><subfield code='c'>1992.</subfield></datafield><datafield ind1=' ' ind2=' ' tag='300'><subfield code='a'>1 sound cassette (87 min.) :</subfield><subfield code='b'>analog, mono.</subfield></datafield><datafield ind1=' ' ind2=' ' tag='500'><subfield code='a'>Recorded in Ithaca, NY by Cornell University.</subfield></datafield><datafield ind1=' ' ind2=' ' tag='500'><subfield code='a'>Sponsored by: Rose Goldsen Fund,Ethics and Public Life Program,Gradaute Student Activities Funding Committee,Society for Humanities,Sage School of Philosophy.</subfield></datafield><datafield ind1=' ' ind2=' ' tag='500'><subfield code='a'>Speaker(s): Afro-American Studies, Harvard University.</subfield></datafield><datafield ind1=' ' ind2=' ' tag='518'><subfield code='a'>Lecture, April 13, 1992, 4:30 pm, Lecture Room D, Goldwin Smith Hall.</subfield></datafield><datafield ind1=' ' ind2='0' tag='830'><subfield code='a'>Theorizing race and racism.</subfield></datafield><datafield ind1='1' ind2=' ' tag='899'><subfield code='a'>CULectures</subfield></datafield><datafield ind1=' ' ind2=' ' tag='905'><subfield code='a'>19991201120000.0</subfield></datafield></record>